<?xml version="1.0" encoding="UTF-8"?>
<marc:record xmlns:marc="http://www.loc.gov/MARC21/slim" xmlns:xsi="http://www.w3.org/2001/XMLSchema-instance" xsi:schemaLocation="http://www.loc.gov/standards/marcxml/schema/MARC21slim.xsd">
  <marc:leader>00000ndm a2200000 u 4500</marc:leader>
  <marc:controlfield tag="001">300001399</marc:controlfield>
  <marc:controlfield tag="003">DE-633</marc:controlfield>
  <marc:controlfield tag="005">20201029163410.0</marc:controlfield>
  <marc:controlfield tag="008">151119##################################</marc:controlfield>
  <marc:datafield tag="031" ind1=" " ind2=" ">
    <marc:subfield code="a">1</marc:subfield>
    <marc:subfield code="b">1</marc:subfield>
    <marc:subfield code="c">1</marc:subfield>
    <marc:subfield code="d">Adagio</marc:subfield>
    <marc:subfield code="g">G-2</marc:subfield>
    <marc:subfield code="m">vl 1</marc:subfield>
    <marc:subfield code="n">bBEA</marc:subfield>
    <marc:subfield code="o">c/</marc:subfield>
    <marc:subfield code="p">2''E{8EDFD}/4.E8C{C'BAG}/4.G8B{BAGF}/</marc:subfield>
    <marc:subfield code="r">E|b</marc:subfield>
    <marc:subfield code="2">pe</marc:subfield>
  </marc:datafield>
  <marc:datafield tag="031" ind1=" " ind2=" ">
    <marc:subfield code="a">1</marc:subfield>
    <marc:subfield code="b">1</marc:subfield>
    <marc:subfield code="c">2</marc:subfield>
    <marc:subfield code="d">Adagio</marc:subfield>
    <marc:subfield code="g">C-1</marc:subfield>
    <marc:subfield code="m">S</marc:subfield>
    <marc:subfield code="n">bBEA</marc:subfield>
    <marc:subfield code="o">c/</marc:subfield>
    <marc:subfield code="p">=51/4''EE{8ED}{FD}/4.E8C{C'BAG}/4.G8B{BA}{GF}/</marc:subfield>
    <marc:subfield code="r">E|b</marc:subfield>
    <marc:subfield code="t">Omni die dic Mariae, mea laudes anima</marc:subfield>
    <marc:subfield code="2">pe</marc:subfield>
  </marc:datafield>
  <marc:datafield tag="040" ind1=" " ind2=" ">
    <marc:subfield code="a">DE-633</marc:subfield>
    <marc:subfield code="b">eng</marc:subfield>
  </marc:datafield>
  <marc:datafield tag="041" ind1="0" ind2=" ">
    <marc:subfield code="a">lat</marc:subfield>
  </marc:datafield>
  <marc:datafield tag="100" ind1="1" ind2=" ">
    <marc:subfield code="a">Volckmer, Augustin</marc:subfield>
    <marc:subfield code="d">1755-1820c</marc:subfield>
    <marc:subfield code="j">Ascertained</marc:subfield>
    <marc:subfield code="0">pe30020656</marc:subfield>
  </marc:datafield>
  <marc:datafield tag="240" ind1="1" ind2="0">
    <marc:subfield code="a">Omni die dic Mariae</marc:subfield>
    <marc:subfield code="m">V (2), orch, bc</marc:subfield>
    <marc:subfield code="r">E|b</marc:subfield>
    <marc:subfield code="0">3918151</marc:subfield>
  </marc:datafield>
  <marc:datafield tag="245" ind1="1" ind2="0">
    <marc:subfield code="a">[dust cover title:] Duetto [by other hand: de B. V. M. in Dis] | a. | Vocibus. 15. | Canto Alto | Violino Primo Violino Secundo | Flauto traverso | Hoboe Primo Hoboe Secundo | Clarinetto Primo Clarinetto Secundo | Corno Primo Corno Secundo | Fagotto Primo Fagotto Secundo | Alto Viola Obl. | Con | Fundamento | [by other hand: Del Sigle: Wolkmer | De Scrip: K:[azimierz] N:[owakiewicz]]</marc:subfield>
  </marc:datafield>
  <marc:datafield tag="260" ind1=" " ind2=" ">
    <marc:subfield code="c">1790-1800 (18.ex)</marc:subfield>
    <marc:subfield code="8">01</marc:subfield>
  </marc:datafield>
  <marc:datafield tag="300" ind1=" " ind2=" ">
    <marc:subfield code="a">15 parts</marc:subfield>
    <marc:subfield code="c">37 x 23,5 cm</marc:subfield>
    <marc:subfield code="8">01</marc:subfield>
  </marc:datafield>
  <marc:datafield tag="500" ind1=" " ind2=" ">
    <marc:subfield code="a">fag 2: 22,5 x 23 cm</marc:subfield>
    <marc:subfield code="8">01</marc:subfield>
  </marc:datafield>
  <marc:datafield tag="500" ind1=" " ind2=" ">
    <marc:subfield code="a">The number in watermark can be also 1796</marc:subfield>
    <marc:subfield code="8">01</marc:subfield>
  </marc:datafield>
  <marc:datafield tag="500" ind1=" " ind2=" ">
    <marc:subfield code="a">ppl-text: rok podany w znaku wodnym może być także 1796]</marc:subfield>
    <marc:subfield code="8">01</marc:subfield>
  </marc:datafield>
  <marc:datafield tag="500" ind1=" " ind2=" ">
    <marc:subfield code="a">[pl-text: " Wcześniejsze sygnatury na okładce f. 1r: u góry z prawej strony tuszem ręką M. Zabłockiego "N 123", skreślone tą samą ręką; u góry z lewej strony tuszem ręką M. Zabłockiego "N|ro 30.", skreślone ołówkiem; poniżej z prawej części strony ołówkiem ręką nieznanego Paulina "N|o 411", skreślone czerwonym tuszem; poniżej czerwonym tuszem ręką F. Maletza "N 1175/476."]</marc:subfield>
  </marc:datafield>
  <marc:datafield tag="500" ind1=" " ind2=" ">
    <marc:subfield code="a">Below middle right on the cover there is round stamp: "* ARCHIVUM * C. M. C."</marc:subfield>
  </marc:datafield>
  <marc:datafield tag="500" ind1=" " ind2=" ">
    <marc:subfield code="a">[pl-text: Poniżej środka z prawej strony okładki okrągła pieczęć "* ARCHIVUM * C. M. C."]</marc:subfield>
  </marc:datafield>
  <marc:datafield tag="500" ind1=" " ind2=" ">
    <marc:subfield code="a">[pl-text: Notatka na końcu partii S: "De Scrip: K. No.[wakiewicz]"]</marc:subfield>
  </marc:datafield>
  <marc:datafield tag="500" ind1=" " ind2=" ">
    <marc:subfield code="a">[pl-text: Konkordancja: ID RISM 300511542 (PL-Wu RM 5400) ]</marc:subfield>
  </marc:datafield>
  <marc:datafield tag="590" ind1=" " ind2=" ">
    <marc:subfield code="a">S, A, vl 1, 2, vla, f, ob 1, 2, cl 1, 2, fag 1, 2, cor 1, 2, bc</marc:subfield>
    <marc:subfield code="b">1, 1, 1, 1, 1, 1, 1, 1, 1, 1, 1, 1, 1, 1f.</marc:subfield>
    <marc:subfield code="8">01</marc:subfield>
  </marc:datafield>
  <marc:datafield tag="592" ind1=" " ind2=" ">
    <marc:subfield code="a">cover title: CZENSTOCHAW | 1795 / [crowned eagle with sceptre and sward]</marc:subfield>
    <marc:subfield code="8">01</marc:subfield>
  </marc:datafield>
  <marc:datafield tag="593" ind1=" " ind2=" ">
    <marc:subfield code="a">Manuscript copy</marc:subfield>
    <marc:subfield code="8">01</marc:subfield>
  </marc:datafield>
  <marc:datafield tag="594" ind1=" " ind2=" ">
    <marc:subfield code="b">S</marc:subfield>
    <marc:subfield code="c">1</marc:subfield>
  </marc:datafield>
  <marc:datafield tag="594" ind1=" " ind2=" ">
    <marc:subfield code="b">A</marc:subfield>
    <marc:subfield code="c">1</marc:subfield>
  </marc:datafield>
  <marc:datafield tag="594" ind1=" " ind2=" ">
    <marc:subfield code="b">vl</marc:subfield>
    <marc:subfield code="c">2</marc:subfield>
  </marc:datafield>
  <marc:datafield tag="594" ind1=" " ind2=" ">
    <marc:subfield code="b">vla</marc:subfield>
    <marc:subfield code="c">1</marc:subfield>
  </marc:datafield>
  <marc:datafield tag="594" ind1=" " ind2=" ">
    <marc:subfield code="b">fl</marc:subfield>
    <marc:subfield code="c">1</marc:subfield>
  </marc:datafield>
  <marc:datafield tag="594" ind1=" " ind2=" ">
    <marc:subfield code="b">ob</marc:subfield>
    <marc:subfield code="c">2</marc:subfield>
  </marc:datafield>
  <marc:datafield tag="594" ind1=" " ind2=" ">
    <marc:subfield code="b">cl</marc:subfield>
    <marc:subfield code="c">2</marc:subfield>
  </marc:datafield>
  <marc:datafield tag="594" ind1=" " ind2=" ">
    <marc:subfield code="b">fag</marc:subfield>
    <marc:subfield code="c">2</marc:subfield>
  </marc:datafield>
  <marc:datafield tag="594" ind1=" " ind2=" ">
    <marc:subfield code="b">cor</marc:subfield>
    <marc:subfield code="c">2</marc:subfield>
  </marc:datafield>
  <marc:datafield tag="594" ind1=" " ind2=" ">
    <marc:subfield code="b">bc</marc:subfield>
    <marc:subfield code="c">1</marc:subfield>
  </marc:datafield>
  <marc:datafield tag="594" ind1=" " ind2=" ">
    <marc:subfield code="a">S, A, vl (2), vla, fl, ob (2), cl (2), fag (2), cor (2), bc</marc:subfield>
  </marc:datafield>
  <marc:datafield tag="599" ind1=" " ind2=" ">
    <marc:subfield code="b">full</marc:subfield>
  </marc:datafield>
  <marc:datafield tag="650" ind1="0" ind2="7">
    <marc:subfield code="a">Sacred songs</marc:subfield>
    <marc:subfield code="0">25250</marc:subfield>
  </marc:datafield>
  <marc:datafield tag="657" ind1=" " ind2="7">
    <marc:subfield code="a">Mariae (B.V.)</marc:subfield>
    <marc:subfield code="0">24267</marc:subfield>
  </marc:datafield>
  <marc:datafield tag="691" ind1=" " ind2="7">
    <marc:subfield code="a">ZabłockiC 1819</marc:subfield>
    <marc:subfield code="n">p. 30</marc:subfield>
    <marc:subfield code="0">lit1886</marc:subfield>
  </marc:datafield>
  <marc:datafield tag="691" ind1=" " ind2="7">
    <marc:subfield code="a">MaletzC 1898</marc:subfield>
    <marc:subfield code="n">p. 28</marc:subfield>
    <marc:subfield code="0">lit1887</marc:subfield>
  </marc:datafield>
  <marc:datafield tag="691" ind1=" " ind2="7">
    <marc:subfield code="a">PodejkoK 1992</marc:subfield>
    <marc:subfield code="n">no.1516</marc:subfield>
    <marc:subfield code="0">lit1869</marc:subfield>
  </marc:datafield>
  <marc:datafield tag="700" ind1="1" ind2=" ">
    <marc:subfield code="a">Nowakiewicz, Kazimierz</marc:subfield>
    <marc:subfield code="d">18/19</marc:subfield>
    <marc:subfield code="j">Ascertained</marc:subfield>
    <marc:subfield code="0">pe30020309</marc:subfield>
    <marc:subfield code="4">scr</marc:subfield>
    <marc:subfield code="8">01</marc:subfield>
  </marc:datafield>
  <marc:datafield tag="852" ind1=" " ind2=" ">
    <marc:subfield code="a">PL-CZ</marc:subfield>
    <marc:subfield code="d">N 123</marc:subfield>
    <marc:subfield code="d">N|ro 30</marc:subfield>
    <marc:subfield code="d">N 411</marc:subfield>
    <marc:subfield code="d">N 1175/476</marc:subfield>
    <marc:subfield code="e">Klasztor OO. Paulinów Jasna Góra - Biblioteka</marc:subfield>
    <marc:subfield code="x">ks30002070</marc:subfield>
    <marc:subfield code="c">III-697</marc:subfield>
    <marc:subfield code="p"/>
    <marc:subfield code="q"/>
    <marc:subfield code="u"/>
    <marc:subfield code="z"/>
  </marc:datafield>
</marc:record>
